@book{Cox,
        author= {D. {C}ox{,} J. Little and D. O'Shea},
        title= {Ideals, Varieties, and Algorithms},
        edition= 2,
        year=1998,
        publisher={ Springer-Verlag},
        address= "New York"}

@book{Durbin,
        author= {J. R. {D}urbin },
        title= {Modern Algebra \--- An Introduction},
        edition= 6,
        year=2009,
        publisher={ John Wiley \& Sons},
        address= "New Jersey"}

@book{Fraleigh,
        author= {J. B. {F}raleigh },
        title= {A First Course in Abstract Algebra},
        edition= 7,
        year=2003,
        publisher={ Addison Wesley},
        address= "New York, NY"}

@book{Geddes,
        author= {K. O. {G}eddes{,} S. R. Czapor and G. Labahn},
        title= {Algorithms For Computer Algebra},
        year=1992,
        publisher={ Kluwer Academic},
        address= "Boston, MA"}

@book{Becker,
        author= {T. {B}ecker{,} V. Weispfenning},
        title= {Graduate Texts In Mathematics: Gr\"obner Bases: A Computational Approach to Commutative Algebra},
        year=1991,
        publisher={ Springer-Verlag},
        address= "New York, NY",
        volume= 141}

@book{Adams,
        author= {W. W. {A}dams{,} P. Loustaunau},
        title= {Graduate Studies in Mathematics: An Introduction to Gr\"obner Bases},
        year=1991,
        publisher={ American Mathematical Society},
        address= "New York, NY",
        volume= 3}

@book{appls,
        title    = {London Mathematical Society: Gr\"obner Bases and their Applications},
        publisher    = {Cambridge University Press},
        year         = 1998,
        author       = {B. {B}uchberger and F. Winkler},
        series       = 251,
        address      = "Cambridge, UK"}

@article{Arnold,
        author  = {E. A. {A}rnold}, 
        title   = {Modular algorithms for computing Gr\"obner bases},
        journal = {Journal of Symbolic Computation},
        year    = 2003,
        pages   = {403-419},
        volume  = 35
}

@misc{Roune,
  author       = {B. H. {R}oune}, 
  title        = {The ${F_4}$ algorithm: Speeding up Gr\"obner Basis Computations using Linear Algebra},
  note = {Available at \url{http://www.broune.com/papers/f4.pdf}}
}

@article{Bohm,
        author= {J. {B}\"ohm{,} W. Decker{,} C. Fieker{,} and G. Pfister},
        title= "The use of bad primes in rational reconstruction",
        journal={Mathematics of Computation},
        year= 2015,
        volume= 84,
        pages= {3013-3027}
}

@article{Pauer,
        author  = {F. {P}auer}, 
        title   = {On Lucky Ideals for Gr\"obner Basis Computations},
        journal = {Journal of Symbolic Computation},
        year    = 1992,
        pages   = {471-482},
        volume  = 14
}

@article{deKleine,
        author  = {J. de {K}leine{,} M. Monagan}, 
        title   = {A Modular Design and Implementation of Buchberger's Algorithm},
        note= {Available at \url{www.cecm.sfu.ca/CAG/papers/dekleine1.ps}},
        year=2001
}

@article{faugere,
        author  = {J-C. {F}aug\`ere{,}}, 
        title   = {A new efficient algorithm for computing Gr\"obner bases (${F_4}$)},
        year= 1999,
        pages= {61-88},
        volume= 139,
        journal= {Journal of Pure and Applied Algebra}
}
